%YAML 1.1
%TAG !u! tag:unity3d.com,2011:
--- !u!1 &9000332612788739346
GameObject:
  m_ObjectHideFlags: 0
  m_CorrespondingSourceObject: {fileID: 0}
  m_PrefabInstance: {fileID: 0}
  m_PrefabAsset: {fileID: 0}
  serializedVersion: 6
  m_Component:
  - component: {fileID: 9000332612788739345}
  m_Layer: 0
  m_Name: '4-Part Straight Light '
  m_TagString: Untagged
  m_Icon: {fileID: 0}
  m_NavMeshLayer: 0
  m_StaticEditorFlags: 4294967295
  m_IsActive: 1
--- !u!4 &9000332612788739345
Transform:
  m_ObjectHideFlags: 0
  m_CorrespondingSourceObject: {fileID: 0}
  m_PrefabInstance: {fileID: 0}
  m_PrefabAsset: {fileID: 0}
  m_GameObject: {fileID: 9000332612788739346}
  m_LocalRotation: {x: 0, y: 0, z: 0, w: 1}
  m_LocalPosition: {x: -77.07364, y: 7.0549717, z: -17.030153}
  m_LocalScale: {x: 1, y: 1, z: 1}
  m_Children:
  - {fileID: 6345044734876088037}
  - {fileID: 3152982689989192265}
  - {fileID: 1628098171990640879}
  - {fileID: 5698917837317238847}
  m_Father: {fileID: 0}
  m_RootOrder: 0
  m_LocalEulerAnglesHint: {x: 0, y: 0, z: 0}
--- !u!1001 &2495262847846742587
PrefabInstance:
  m_ObjectHideFlags: 0
  serializedVersion: 2
  m_Modification:
    m_TransformParent: {fileID: 9000332612788739345}
    m_Modifications:
    - target: {fileID: 156080036201417416, guid: 49b9b6a5420b88142bcce6673369f64a,
        type: 3}
      propertyPath: m_Name
      value: Lamp Rail Off
      objectReference: {fileID: 0}
    - target: {fileID: 675910873870536818, guid: 49b9b6a5420b88142bcce6673369f64a,
        type: 3}
      propertyPath: m_RootOrder
      value: 1
      objectReference: {fileID: 0}
    - target: {fileID: 675910873870536818, guid: 49b9b6a5420b88142bcce6673369f64a,
        type: 3}
      propertyPath: m_LocalPosition.x
      value: -0.27944976
      objectReference: {fileID: 0}
    - target: {fileID: 675910873870536818, guid: 49b9b6a5420b88142bcce6673369f64a,
        type: 3}
      propertyPath: m_LocalPosition.y
      value: 0.4650283
      objectReference: {fileID: 0}
    - target: {fileID: 675910873870536818, guid: 49b9b6a5420b88142bcce6673369f64a,
        type: 3}
      propertyPath: m_LocalPosition.z
      value: -0.31284714
      objectReference: {fileID: 0}
    - target: {fileID: 675910873870536818, guid: 49b9b6a5420b88142bcce6673369f64a,
        type: 3}
      propertyPath: m_LocalRotation.w
      value: 0.7071067
      objectReference: {fileID: 0}
    - target: {fileID: 675910873870536818, guid: 49b9b6a5420b88142bcce6673369f64a,
        type: 3}
      propertyPath: m_LocalRotation.x
      value: -0.7071068
      objectReference: {fileID: 0}
    - target: {fileID: 675910873870536818, guid: 49b9b6a5420b88142bcce6673369f64a,
        type: 3}
      propertyPath: m_LocalRotation.y
      value: -0
      objectReference: {fileID: 0}
    - target: {fileID: 675910873870536818, guid: 49b9b6a5420b88142bcce6673369f64a,
        type: 3}
      propertyPath: m_LocalRotation.z
      value: -0
      objectReference: {fileID: 0}
    - target: {fileID: 675910873870536818, guid: 49b9b6a5420b88142bcce6673369f64a,
        type: 3}
      propertyPath: m_LocalEulerAnglesHint.x
      value: 0
      objectReference: {fileID: 0}
    - target: {fileID: 675910873870536818, guid: 49b9b6a5420b88142bcce6673369f64a,
        type: 3}
      propertyPath: m_LocalEulerAnglesHint.y
      value: 0
      objectReference: {fileID: 0}
    - target: {fileID: 675910873870536818, guid: 49b9b6a5420b88142bcce6673369f64a,
        type: 3}
      propertyPath: m_LocalEulerAnglesHint.z
      value: 0
      objectReference: {fileID: 0}
    m_RemovedComponents: []
  m_SourcePrefab: {fileID: 100100000, guid: 49b9b6a5420b88142bcce6673369f64a, type: 3}
--- !u!4 &3152982689989192265 stripped
Transform:
  m_CorrespondingSourceObject: {fileID: 675910873870536818, guid: 49b9b6a5420b88142bcce6673369f64a,
    type: 3}
  m_PrefabInstance: {fileID: 2495262847846742587}
  m_PrefabAsset: {fileID: 0}
--- !u!1001 &3977464090157070952
PrefabInstance:
  m_ObjectHideFlags: 0
  serializedVersion: 2
  m_Modification:
    m_TransformParent: {fileID: 9000332612788739345}
    m_Modifications:
    - target: {fileID: 2425997834921194119, guid: 1869a7de96fa1bd44b44890497d9d0b9,
        type: 3}
      propertyPath: m_RootOrder
      value: 2
      objectReference: {fileID: 0}
    - target: {fileID: 2425997834921194119, guid: 1869a7de96fa1bd44b44890497d9d0b9,
        type: 3}
      propertyPath: m_LocalScale.y
      value: 0.009999999
      objectReference: {fileID: 0}
    - target: {fileID: 2425997834921194119, guid: 1869a7de96fa1bd44b44890497d9d0b9,
        type: 3}
      propertyPath: m_LocalScale.z
      value: 0.009999999
      objectReference: {fileID: 0}
    - target: {fileID: 2425997834921194119, guid: 1869a7de96fa1bd44b44890497d9d0b9,
        type: 3}
      propertyPath: m_LocalPosition.x
      value: 0.85054886
      objectReference: {fileID: 0}
    - target: {fileID: 2425997834921194119, guid: 1869a7de96fa1bd44b44890497d9d0b9,
        type: 3}
      propertyPath: m_LocalPosition.y
      value: 0.4650283
      objectReference: {fileID: 0}
    - target: {fileID: 2425997834921194119, guid: 1869a7de96fa1bd44b44890497d9d0b9,
        type: 3}
      propertyPath: m_LocalPosition.z
      value: -0.31284714
      objectReference: {fileID: 0}
    - target: {fileID: 2425997834921194119, guid: 1869a7de96fa1bd44b44890497d9d0b9,
        type: 3}
      propertyPath: m_LocalRotation.w
      value: 0.7071067
      objectReference: {fileID: 0}
    - target: {fileID: 2425997834921194119, guid: 1869a7de96fa1bd44b44890497d9d0b9,
        type: 3}
      propertyPath: m_LocalRotation.x
      value: -0.7071068
      objectReference: {fileID: 0}
    - target: {fileID: 2425997834921194119, guid: 1869a7de96fa1bd44b44890497d9d0b9,
        type: 3}
      propertyPath: m_LocalRotation.y
      value: -0
      objectReference: {fileID: 0}
    - target: {fileID: 2425997834921194119, guid: 1869a7de96fa1bd44b44890497d9d0b9,
        type: 3}
      propertyPath: m_LocalRotation.z
      value: -0
      objectReference: {fileID: 0}
    - target: {fileID: 2425997834921194119, guid: 1869a7de96fa1bd44b44890497d9d0b9,
        type: 3}
      propertyPath: m_LocalEulerAnglesHint.x
      value: 0
      objectReference: {fileID: 0}
    - target: {fileID: 2425997834921194119, guid: 1869a7de96fa1bd44b44890497d9d0b9,
        type: 3}
      propertyPath: m_LocalEulerAnglesHint.y
      value: 0
      objectReference: {fileID: 0}
    - target: {fileID: 2425997834921194119, guid: 1869a7de96fa1bd44b44890497d9d0b9,
        type: 3}
      propertyPath: m_LocalEulerAnglesHint.z
      value: 0
      objectReference: {fileID: 0}
    - target: {fileID: 3089804154037102653, guid: 1869a7de96fa1bd44b44890497d9d0b9,
        type: 3}
      propertyPath: m_Name
      value: Lamp Rail Glowing (1)
      objectReference: {fileID: 0}
    m_RemovedComponents: []
  m_SourcePrefab: {fileID: 100100000, guid: 1869a7de96fa1bd44b44890497d9d0b9, type: 3}
--- !u!4 &1628098171990640879 stripped
Transform:
  m_CorrespondingSourceObject: {fileID: 2425997834921194119, guid: 1869a7de96fa1bd44b44890497d9d0b9,
    type: 3}
  m_PrefabInstance: {fileID: 3977464090157070952}
  m_PrefabAsset: {fileID: 0}
--- !u!1001 &5077754497121312845
PrefabInstance:
  m_ObjectHideFlags: 0
  serializedVersion: 2
  m_Modification:
    m_TransformParent: {fileID: 9000332612788739345}
    m_Modifications:
    - target: {fileID: 156080036201417416, guid: 49b9b6a5420b88142bcce6673369f64a,
        type: 3}
      propertyPath: m_Name
      value: Lamp Rail Off (1)
      objectReference: {fileID: 0}
    - target: {fileID: 675910873870536818, guid: 49b9b6a5420b88142bcce6673369f64a,
        type: 3}
      propertyPath: m_RootOrder
      value: 3
      objectReference: {fileID: 0}
    - target: {fileID: 675910873870536818, guid: 49b9b6a5420b88142bcce6673369f64a,
        type: 3}
      propertyPath: m_LocalPosition.x
      value: 1.9805439
      objectReference: {fileID: 0}
    - target: {fileID: 675910873870536818, guid: 49b9b6a5420b88142bcce6673369f64a,
        type: 3}
      propertyPath: m_LocalPosition.y
      value: 0.4650283
      objectReference: {fileID: 0}
    - target: {fileID: 675910873870536818, guid: 49b9b6a5420b88142bcce6673369f64a,
        type: 3}
      propertyPath: m_LocalPosition.z
      value: -0.31284714
      objectReference: {fileID: 0}
    - target: {fileID: 675910873870536818, guid: 49b9b6a5420b88142bcce6673369f64a,
        type: 3}
      propertyPath: m_LocalRotation.w
      value: 0.7071067
      objectReference: {fileID: 0}
    - target: {fileID: 675910873870536818, guid: 49b9b6a5420b88142bcce6673369f64a,
        type: 3}
      propertyPath: m_LocalRotation.x
      value: -0.7071068
      objectReference: {fileID: 0}
    - target: {fileID: 675910873870536818, guid: 49b9b6a5420b88142bcce6673369f64a,
        type: 3}
      propertyPath: m_LocalRotation.y
      value: -0
      objectReference: {fileID: 0}
    - target: {fileID: 675910873870536818, guid: 49b9b6a5420b88142bcce6673369f64a,
        type: 3}
      propertyPath: m_LocalRotation.z
      value: -0
      objectReference: {fileID: 0}
    - target: {fileID: 675910873870536818, guid: 49b9b6a5420b88142bcce6673369f64a,
        type: 3}
      propertyPath: m_LocalEulerAnglesHint.x
      value: 0
      objectReference: {fileID: 0}
    - target: {fileID: 675910873870536818, guid: 49b9b6a5420b88142bcce6673369f64a,
        type: 3}
      propertyPath: m_LocalEulerAnglesHint.y
      value: 0
      objectReference: {fileID: 0}
    - target: {fileID: 675910873870536818, guid: 49b9b6a5420b88142bcce6673369f64a,
        type: 3}
      propertyPath: m_LocalEulerAnglesHint.z
      value: 0
      objectReference: {fileID: 0}
    m_RemovedComponents: []
  m_SourcePrefab: {fileID: 100100000, guid: 49b9b6a5420b88142bcce6673369f64a, type: 3}
--- !u!4 &5698917837317238847 stripped
Transform:
  m_CorrespondingSourceObject: {fileID: 675910873870536818, guid: 49b9b6a5420b88142bcce6673369f64a,
    type: 3}
  m_PrefabInstance: {fileID: 5077754497121312845}
  m_PrefabAsset: {fileID: 0}
--- !u!1001 &8765342691846800482
PrefabInstance:
  m_ObjectHideFlags: 0
  serializedVersion: 2
  m_Modification:
    m_TransformParent: {fileID: 9000332612788739345}
    m_Modifications:
    - target: {fileID: 2425997834921194119, guid: 1869a7de96fa1bd44b44890497d9d0b9,
        type: 3}
      propertyPath: m_RootOrder
      value: 0
      objectReference: {fileID: 0}
    - target: {fileID: 2425997834921194119, guid: 1869a7de96fa1bd44b44890497d9d0b9,
        type: 3}
      propertyPath: m_LocalScale.y
      value: 0.009999999
      objectReference: {fileID: 0}
    - target: {fileID: 2425997834921194119, guid: 1869a7de96fa1bd44b44890497d9d0b9,
        type: 3}
      propertyPath: m_LocalScale.z
      value: 0.009999999
      objectReference: {fileID: 0}
    - target: {fileID: 2425997834921194119, guid: 1869a7de96fa1bd44b44890497d9d0b9,
        type: 3}
      propertyPath: m_LocalPosition.x
      value: -1.4094467
      objectReference: {fileID: 0}
    - target: {fileID: 2425997834921194119, guid: 1869a7de96fa1bd44b44890497d9d0b9,
        type: 3}
      propertyPath: m_LocalPosition.y
      value: 0.4650283
      objectReference: {fileID: 0}
    - target: {fileID: 2425997834921194119, guid: 1869a7de96fa1bd44b44890497d9d0b9,
        type: 3}
      propertyPath: m_LocalPosition.z
      value: -0.31284714
      objectReference: {fileID: 0}
    - target: {fileID: 2425997834921194119, guid: 1869a7de96fa1bd44b44890497d9d0b9,
        type: 3}
      propertyPath: m_LocalRotation.w
      value: 0.7071067
      objectReference: {fileID: 0}
    - target: {fileID: 2425997834921194119, guid: 1869a7de96fa1bd44b44890497d9d0b9,
        type: 3}
      propertyPath: m_LocalRotation.x
      value: -0.7071068
      objectReference: {fileID: 0}
    - target: {fileID: 2425997834921194119, guid: 1869a7de96fa1bd44b44890497d9d0b9,
        type: 3}
      propertyPath: m_LocalRotation.y
      value: -0
      objectReference: {fileID: 0}
    - target: {fileID: 2425997834921194119, guid: 1869a7de96fa1bd44b44890497d9d0b9,
        type: 3}
      propertyPath: m_LocalRotation.z
      value: -0
      objectReference: {fileID: 0}
    - target: {fileID: 2425997834921194119, guid: 1869a7de96fa1bd44b44890497d9d0b9,
        type: 3}
      propertyPath: m_LocalEulerAnglesHint.x
      value: 0
      objectReference: {fileID: 0}
    - target: {fileID: 2425997834921194119, guid: 1869a7de96fa1bd44b44890497d9d0b9,
        type: 3}
      propertyPath: m_LocalEulerAnglesHint.y
      value: 0
      objectReference: {fileID: 0}
    - target: {fileID: 2425997834921194119, guid: 1869a7de96fa1bd44b44890497d9d0b9,
        type: 3}
      propertyPath: m_LocalEulerAnglesHint.z
      value: 0
      objectReference: {fileID: 0}
    - target: {fileID: 3089804154037102653, guid: 1869a7de96fa1bd44b44890497d9d0b9,
        type: 3}
      propertyPath: m_Name
      value: Lamp Rail Glowing
      objectReference: {fileID: 0}
    m_RemovedComponents: []
  m_SourcePrefab: {fileID: 100100000, guid: 1869a7de96fa1bd44b44890497d9d0b9, type: 3}
--- !u!4 &6345044734876088037 stripped
Transform:
  m_CorrespondingSourceObject: {fileID: 2425997834921194119, guid: 1869a7de96fa1bd44b44890497d9d0b9,
    type: 3}
  m_PrefabInstance: {fileID: 8765342691846800482}
  m_PrefabAsset: {fileID: 0}
